@article{paper:1,
author = {E. C. Sewell and S. H. Jacobson and Hemanshu Kaul},
title = {Reductions for the Stable Set Problem},
journal = {Algorithmic Operations Research Vol.6 40â€“55},
year = {2011}
}
@book{fixed,
author = {Rolf Niedermeier},
title = {Invitation to Fixed-Parameter Algorithms},
publisher = {Oxford University Press},
year = {2006},
}
@book{dummy,
author = {Dieter Ummy},
title = {Citation for Dummies},
publisher = {Oxford University Press},
year = {0000},
}
@book{manual,
author = {Kurt Mehlhorn and Stefan N{\"a}her},
title = {LEDA: A Platform for Combinatorial and Geometric Computing},
publisher = {Cambridge University Press},
year = {2006},
}