@Article{paper:1,
author = {E. C. Sewell,S. H. Jacobson, Hemanshu Kaul},
title = {Reductions for the Stable Set Problem},
journal = {Algorithmic Operations Research Vol.6 40â€“55},
year = {2011}
}